%%%%%%%%%%%%%%%%%%%%%%%%%%%%%%%%%%%%%%%%%%%%%%%%%%%%%%%%%%%%%%%%%%%%%%%%%%%%%%%%%%%%%%%%%%%%%%%
%%%%%%%%%%%%%%%%%%%%          TREK/E36 Collaboration           %%%%%%%%%%%%%%%%%%%%%%%%%%%%%%%%
%%%%%%%%%%%%%%%%%%%%%%%%%%%%%%%%%%%%%%%%%%%%%%%%%%%%%%%%%%%%%%%%%%%%%%%%%%%%%%%%%%%%%%%%%%%%%%%
@article{Kalman1960ANA,
    author = {Kalman, R. E.},
    title = "{A New Approach to Linear Filtering and Prediction Problems}",
    journal = {Journal of Basic Engineering},
    volume = {82},
    number = {1},
    pages = {35-45},
    year = {1960},
    month = {03},
    issn = {0021-9223},
    doi = {10.1115/1.3662552},
    url = {https://doi.org/10.1115/1.3662552},
    eprint = {https://asmedigitalcollection.asme.org/fluidsengineering/article-pdf/82/1/35/5518977/35\_1.pdf},
}
@conference{CaoGordon2018,
    author    = "{T. Cao, D. H. Dongwi, M. Kohl}",
    title     = "{Precise Measurement of $K_{e2}/K_{\mu2}$ Branching Ratio and New Physics Search with a Stopped $K^+$ Beam Experiment}",
    year      = "2018",
    month    = "August",
    publisher= "Gordon Research Conference",
}
@conference{CaoDNP2018,
    author    = "{T. Cao}",
    title     = "{Precise Measurement of $K_{e2}/K_{\mu2}$ Branching Ratio and New Physics Search with a Stopped $K^+$ Beam Experiment}",
    year      = "2018",
    month    = "October",
    publisher= "Fifth Joint APS/DNP and JPS",
}
@conference{CaoDNP2017,
    author    = "{T. Cao}",
    title     = "{Precise Measurement of $R_K=\Gamma(K^+\rightarrow e^+\nu)/\Gamma(K^+\rightarrow\mu^+\nu)$ and Search for New Physics by the TREK-E-36 Experiment}",
    year      = "2017",
    month    = "October",
    publisher= "Division of Nuclear Physics (APS/DNP)",
}
@article{e36prop,
	author   = "{C. Rangacharyulu, et al.}",
	title    = "{J-PARC Experimental Proposal Measurement of $\Gamma(K^+\rightarrow e^+)/\Gamma(K^+\rightarrow\mu^+\nu)$ and Search for heavy sterile neutrinos using the TREK detector system}",
	collaboration = "TREK"
	date     = "2010",
	keywords = {trusted},
}
@article{e06prop,
	author   = "{K. Paton, et al.}",
	title    = "{Measurement of T-violation Transverse Muon Polarization in $K^+\rightarrow\pi^0\mu^+\nu$ Decays}",
	collaboration = "TREK"
	year     = "2006",
	keywords = {trusted},
}
@article{dongwi:install,
	author   = "Dongwi, D. H.",
	title    = "{Notes On E36 Detector Installation Process}",
	journal  = "TREK/E36 installation technical note",
	year     = "2014",
	keywords = "trusted;"
}
@article{monaghan:tosca,
	author   = "Monaghan, P.",
	title    = "{Preliminary Update on TOSCA Simulations for E36}",
	journal  = "TREK/E36 magnetic field technical note",
	year     = "2014",
	keywords = "trusted;"
}
@article{Kohl2013rma,
      author         = "Kohl, M.",
      title          = "{The TREK/E36 experiment at J-PARC}",
      booktitle      = "{Proceedings, Workshop to Explore Physics Opportunities
                        with Intense, Polarized Electron Beams up to 300 MeV:
                        Cambridge, MA, USA, March 14-16, 2013}",
      collaboration  = "TREK",
      journal        = "AIP Conf. Proc.",
      volume         = "1563",
      year           = "2013",
      pages          = "147-150",
      doi            = "10.1063/1.4829396",
      SLACcitation   = "%%CITATION = APCPC,1563,147;%%"
}
@article{Bianchin:2012zza,
    author = "Bianchin, S.",
    editor = "Steadman, Stephen G. and Stephans, George S.F.",
    collaboration = "TREK",
    doi = "10.1063/1.3700619",
    journal = "AIP Conf. Proc.",
    number = "1",
    pages = "567--569",
    title = "{Search for non-standard model physics using the transverse muon polarization in stopped $K^+$ decay}",
    volume = "1441",
    year = "2012"
}
@article{Bianchin:2016vds,
    author = "Bianchin, SÃ©bastien",
    archivePrefix = "arXiv",
    collaboration = "TREK/E36",
    doi = "10.1088/1742-6596/800/1/012017",
    eprint = "1611.02719",
    journal = "J. Phys. Conf. Ser.",
    number = "1",
    pages = "012017",
    primaryClass = "nucl-ex",
    title = "{Precise measurement of the $K_{e2}/K_{{\mu}2}$ branching ratio and search for new physics beyond the Standard Model}",
    volume = "800",
    year = "2017"
}
@article{Tabata:2014dca,
    author = "Tabata, Makoto and others",
    title = "{Assembly and bench testing of a spiral fiber tracker for the J-PARC TREK/E36 experiment}",
    eprint = "1412.0088",
    archivePrefix = "arXiv",
    primaryClass = "physics.ins-det",
    doi = "10.7566/JPSCP.8.024001",
    journal = "JPS Conf. Proc.",
    volume = "8",
    pages = "024001",
    year = "2015"
}
